@misc{golob_2016, title={The Mass of a Smartie}, journal={PHYS 2300L}, author={Golob, Anneya}, year={2016}, month={Sep}}
